@online{bs_sr_tm_optical,
	author = {Tak Lun Terrence Tsang},
	title = "{BS and SR TM optical lever (oplev) diagonalization matrix}",
	date = {19 Sep 2019, 06:16},
	note = {\url{https://gwdoc.icrr.u-tokyo.ac.jp/cgi-bin/private/DocDB/ShowDocument?docid=10189}}
}

@online{comment_to_setup_of_length_sensing_oplev_for_itmx,
	author = {Ushiba, Takafumi},
	title = "{Comment to Setup of length sensing OpLev for ITMX}",
	note = {\url{https://klog.icrr.u-tokyo.ac.jp/osl/?r=17056}}
}

@misc{ enwiki:1018856234,
	author = "{Wikipedia contributors}",
	title = "Ray transfer matrix analysis --- {Wikipedia}{,} The Free Encyclopedia",
	year = "2021",
	howpublished = "\url{https://en.wikipedia.org/w/index.php?title=Ray_transfer_matrix_analysis&oldid=1018856234}",
	note = "[Online; accessed 27-April-2021]"
}